@BOOK{sommerville,
  AUTHOR	= "Ian Sommerville",
  TITLE		= "Software Engineering",
  PUBLISHER	= "Pearson",
  YEAR		= "2011",
  ADDRESS	= "Boston, Munich",
  VOLUME	= "9. ed, international ed.",
}